<record><leader>00000cas a22000007a 4500</leader><controlfield tag="001">12424184</controlfield><controlfield tag="008">850826d19021917iaudn ne      0    0eng d</controlfield><datafield ind1=" " ind2=" " tag="010"><subfield code="a">sn 85049755 </subfield></datafield><datafield ind1=" " ind2=" " tag="040"><subfield code="a">INP</subfield><subfield code="b">eng</subfield><subfield code="c">INP</subfield><subfield code="d">OCLCQ</subfield></datafield><datafield ind1=" " ind2=" " tag="042"><subfield code="a">msc</subfield></datafield><datafield ind1="0" ind2=" " tag="130"><subfield code="a">Fort Dodge messenger (Fort Dodge, Iowa : 1902)</subfield></datafield><datafield ind1="1" ind2="4" tag="245"><subfield code="a">The Fort Dodge messenger.</subfield></datafield><datafield ind1=" " ind2=" " tag="250"><subfield code="a">Daily ed.</subfield></datafield><datafield ind1=" " ind2=" " tag="260"><subfield code="a">Fort Dodge, Iowa :</subfield><subfield code="b">Geo. E. Roberts &amp; Co.,</subfield><subfield code="c">1902-1917.</subfield></datafield><datafield ind1=" " ind2=" " tag="300"><subfield code="a">v.</subfield></datafield><datafield ind1=" " ind2=" " tag="310"><subfield code="a">Daily (except Sunday)</subfield></datafield><datafield ind1="0" ind2=" " tag="362"><subfield code="a">Nov. 8, 1902-June 30, 1917.</subfield></datafield><datafield ind1=" " ind2=" " tag="500"><subfield code="a">Special "Christmas edition," published Dec. 13, 1902, includes illustrated supplement called: The Messenger junior.</subfield></datafield><datafield ind1=" " ind2=" " tag="752"><subfield code="a">United States</subfield><subfield code="b">Iowa</subfield><subfield code="c">Webster</subfield><subfield code="d">Fort Dodge.</subfield></datafield><datafield ind1="0" ind2=" " tag="775"><subfield code="t">Fort Dodge messenger (Fort Dodge, Iowa : 1880)</subfield><subfield code="w">(DLC)n  85049749</subfield><subfield code="g">Nov. 8, 1902-Aug. 28, 1903</subfield></datafield><datafield ind1="0" ind2=" " tag="775"><subfield code="t">Weekly messenger (Fort Dodge, Iowa)</subfield><subfield code="w">(DLC)sn 85049751</subfield><subfield code="g">Sept. 3-Dec. 31, 1903</subfield></datafield><datafield ind1="0" ind2=" " tag="775"><subfield code="t">Semi-weekly messenger</subfield><subfield code="w">(DLC)sn 85049752</subfield><subfield code="g">Jan. 5, 1904-Jan. 29, 1909</subfield></datafield><datafield ind1="0" ind2=" " tag="775"><subfield code="t">Fort Dodge messenger (Fort Dodge, Iowa : 1909 : Weekly)</subfield><subfield code="w">(DLC)sn 86060255</subfield><subfield code="g">Feb. 4, 1909-&lt;Dec. 22, 1910&gt;</subfield></datafield><datafield ind1="0" ind2="0" tag="780"><subfield code="t">Evening messenger (Fort Dodge, Iowa)</subfield><subfield code="w">(DLC)sn 85049754</subfield></datafield><datafield ind1="0" ind2="7" tag="785"><subfield code="t">Fort Dodge daily chronicle</subfield><subfield code="w">(DLC)sn 85049756</subfield></datafield><datafield ind1="0" ind2="7" tag="785"><subfield code="t">Fort Dodge messenger and chronicle</subfield><subfield code="w">(DLC)sn 85049757</subfield></datafield></record>